@misc{emotion_recognition_survery,
	author = {C. Vinola, K. Vimaladev√≠},
	title = {A Survey on Human Emotion Recognition Approaches, Databases and Applications},
	note = {Accessed: 16.05.2022}
}

@misc{audio_emotion_recognition0,
	author = {Anagnostopoulos C N, Iliou T, Giannoukos I.},
	title = {Features and classifiers for emotion recognition from speech: a survey from 2000 to 2011},
	howpublished = {Artificial Intelligence Review, 2015, 43(2):155-177. (in NETHERLANDS)},
	note = {Accessed: 16.05.2022}
}

@misc{articol_ibima,
	author = {Bogdan HANGANU, Lucian Andrei RADU, Alexandra BAICOIANU},
	title = {Machine Learning For Condition Monitoring: Latest Trend And Review},
	howpublished = {\url{https://ibima.org/accepted-paper/machine-learning-for-condition-monitoring-latest-trend-and-review/}},
	note = {Accessed: 20.05.2020}
}