@misc{analogVSdigital,
	title = {Differences between Analog Signal and Digital Signal},
	howpublished = {\url{https://www.elprocus.com/differences-between-analog-signal-and-digital-signal}},
	note = {Online; Accessed: 14.04.2020}
}

@misc{SISW_DSP,
	title = {Digital Signal Processing: Sampling Rates, Bandwidth, Spectral Lines, and more…},
	howpublished={\url{https://community.sw.siemens.com/s/article/digital-signal-processing-sampling-rates-bandwidth-spectral-lines-and-more}},
	note = {Accessed: 14.04.2020}
}

@misc{SISW_FT,
	title = {What is the Fourier Transform?},
	howpublished = {\url{https://community.sw.siemens.com/s/article/what-is-the-fourier-transform}},
	note = {Accessed: 16.04.2020}
}

@misc{MFCC_PC,
	title = {Mel Frequency Cepstral Coefficient (MFCC)},
	howpublished = {\url{http://practicalcryptography.com/miscellaneous/machine-learning/guide-mel-frequency-cepstral-coefficients-mfccs/}},
	note = {Accessed: 04.05.2020}
}

@misc{Mel_scale_wiki,
	title = {Mel scale},
	howpublished = {\url{https://en.wikipedia.org/wiki/Mel_scale}},
	note = {Accessed: 04.05.2020}
}

@misc{supervised_unsupervised,
	title = {Supervised and Unsupervised Machine Learning Algorithms},
	howpublished = {\url{https://machinelearningmastery.com/supervised-and-unsupervised-machine-learning-algorithms/}},
	note = {Accessed: 05.05.2020}
}

@misc{ia_sasu,
	author = {Lucian M. Sasu},
	title = {Inteligență artificială},
	howpublished = {\url{https://github.com/lmsasu/cursuri/tree/master/InteligentaArtificiala/curs/}},
	note = {Accessed: 07.05.2020}
}

@misc{articol_ibima,
	author = {Bogdan HANGANU, Lucian Andrei RADU, Alexandra BAICOIANU},
	title = {Machine Learning For Condition Monitoring: Latest Trend And Review},
	howpublished = {\url{https://ibima.org/accepted-paper/machine-learning-for-condition-monitoring-latest-trend-and-review/}},
	note = {Accessed: 20.05.2020}
}

@misc{lang_clas,
	author = {Pankaj Prakash},
	title = {Classification of programming languages},
	howpublished = {\url{https://codeforwin.org/2017/05/programming-languages-classification.html}},
	note = {Accessed: 21.05.2020}
}

@misc{irmas,
	author = {Juan J. Bosch, Ferdinand Fuhrmann, Perfecto Herrera},
	title = {IRMAS: a dataset for instrument recognition in musical audio signals},
	howpublished = {\url{https://www.upf.edu/web/mtg/irmas}},
	note = {Accessed: 27.05.2020}
}

@misc{rolling_elemnt,
	author = {Duy-Tang Hoang, Hee-Jun Kang},
	title = {Rolling element bearing fault diagnosis using convolutional neural network and vibration image},
	howpublished = {\url{https://www.sciencedirect.com/science/article/pii/S1389041717303261}},
	note = {Accessed: 07.06.2020}
}
